<?xml version="1.0" encoding="UTF-8"?><collection xmlns="http://www.loc.gov/MARC21/slim"><record><leader>00475nam--2200145-i-4500</leader><controlfield tag="001">000009392</controlfield><controlfield tag="002">20161230</controlfield><controlfield tag="005">20161230201028</controlfield><controlfield tag="008">060222s1000------------r-----000-0-eng-d</controlfield><datafield ind1=" " ind2=" " tag="080"><subfield code="a">547:541.63</subfield></datafield><datafield ind1=" " ind2=" " tag="100"><subfield code="a">Christiansen, J.A</subfield></datafield><datafield ind1=" " ind2=" " tag="245"><subfield code="a">Seven essays relating to the stereochemistry o f cyclohexane and its vicinal di-derovatives</subfield></datafield><datafield ind1=" " ind2=" " tag="260"><subfield code="a">Kobenhavn, Det Kongelige Danske Videnskabernes Selskab, 1968. 33p</subfield></datafield><datafield ind1=" " ind2=" " tag="490"><subfield code="a">Matematisk-fysiske Meddelelser 36,14</subfield></datafield><datafield ind1=" " ind2=" " tag="852"><subfield code="a">33432</subfield></datafield></record></collection>